@article{AVL62,
  author  = {Georgy M. Adelson-Velsky and Evgenii M. Landis},
  year    = {1962},
  title   = {An algorithm for the organization of information},
  journal = {Proceedings of the USSR Academy of Sciences (in Russian)},
  volume  = {146},
  pages   = {263â€“266}
}

@inproceedings{GuibasSedgewick78,
  author       = {Leonidas J. Guibas and
                  Robert Sedgewick},
  title        = {A Dichromatic Framework for Balanced Trees},
  booktitle    = {19th Annual Symposium on Foundations of Computer Science, Ann Arbor,
                  Michigan, USA, 16-18 October 1978},
  pages        = {8--21},
  publisher    = {{IEEE} Computer Society},
  year         = {1978},
  doi          = {10.1109/SFCS.1978.3}
}

@article{FranceschiniG06,
  author       = {Gianni Franceschini and Roberto Grossi},
  title        = {Optimal Implicit Dictionaries over Unbounded Universes},
  journal      = {Theory of Computing Systems},
  volume       = {39},
  number       = {2},
  pages        = {321--345},
  year         = {2006},
  doi          = {10.1007/S00224-005-1167-9}
}

@inproceedings{FranceschiniG03,
  author       = {Gianni Franceschini and Roberto Grossi},
  editor       = {Frank K. H. A. Dehne and J{\"{o}}rg{-}R{\"{u}}diger Sack and Michiel H. M. Smid},
  title        = {Optimal Worst-Case Operations for Implicit Cache-Oblivious Search Trees},
  booktitle    = {Algorithms and Data Structures, 8th International Workshop, {WADS} 2003, Ottawa, Ontario, Canada, July 30 - August 1, 2003, Proceedings},
  series       = {Lecture Notes in Computer Science},
  volume       = {2748},
  pages        = {114--126},
  publisher    = {Springer},
  year         = {2003},
  doi          = {10.1007/978-3-540-45078-8\_11}
}

@article{Munro86,
  author       = {J. Ian Munro},
  title        = {An Implicit Data Structure Supporting Insertion, Deletion, and Search in {$O(\log^2 n)$} Time},
  journal      = {Journal of Computer and System Sciences},
  volume       = {33},
  number       = {1},
  pages        = {66--74},
  year         = {1986},
  doi          = {10.1016/0022-0000(86)90043-7}
}

@article{Boas77,
  author       = {Peter van Emde Boas},
  title        = {Preserving Order in a Forest in Less Than Logarithmic Time and Linear Space},
  journal      = {Information Processing Letters},
  volume       = {6},
  number       = {3},
  pages        = {80--82},
  year         = {1977},
  doi          = {10.1016/0020-0190(77)90031-X}
}

@article{BoasKaasZijlstra77,
  author       = {Peter van Emde Boas and R. Kaas and E. Zijlstra},
  title        = {Design and Implementation of an Efficient Priority Queue},
  journal      = {Mathematical Systems Theory},
  volume       = {10},
  pages        = {99--127},
  year         = {1977},
  doi          = {10.1007/BF01683268}
}

@article{GabowTarjan85,
  author       = {Harold N. Gabow and Robert Endre Tarjan},
  title        = {A Linear-Time Algorithm for a Special Case of Disjoint Set Union},
  journal      = {Journal of Computer and System Sciences},
  volume       = {30},
  number       = {2},
  pages        = {209--221},
  year         = {1985},
  doi          = {10.1016/0022-0000(85)90014-5}
}

@article{BeameFich02,
  author       = {Paul Beame and Faith E. Fich},
  title        = {Optimal Bounds for the Predecessor Problem and Related Problems},
  journal      = {Journal of Computer and System Sciences},
  volume       = {65},
  number       = {1},
  pages        = {38--72},
  year         = {2002},
  doi          = {10.1006/JCSS.2002.1822}
}

@inproceedings{PatrascuThorup06,
  author       = {Mihai P{\u{a}}tra{\c{s}}cu and Mikkel Thorup},
  editor       = {Jon M. Kleinberg},
  title        = {Time-space trade-offs for predecessor search},
  booktitle    = {Proceedings of the 38th Annual {ACM} Symposium on Theory of Computing, Seattle, WA, USA, May 21-23, 2006},
  pages        = {232--240},
  publisher    = {{ACM}},
  year         = {2006},
  doi          = {10.1145/1132516.1132551}
}

@inproceedings{PatrascuThorup14,
  author       = {Mihai P{\u{a}}tra{\c{s}}cu and Mikkel Thorup},
  title        = {Dynamic Integer Sets with Optimal Rank, Select, and Predecessor Search},
  booktitle    = {55th {IEEE} Annual Symposium on Foundations of Computer Science, {FOCS} 2014, Philadelphia, PA, USA, October 18-21, 2014},
  pages        = {166--175},
  publisher    = {{IEEE} Computer Society},
  year         = {2014},
  doi          = {10.1109/FOCS.2014.26}
}

@inproceedings{PibiriVenturini17,
  author       = {Giulio Ermanno Pibiri and Rossano Venturini},
  editor       = {Juha K{\"{a}}rkk{\"{a}}inen and Jakub Radoszewski and Wojciech Rytter},
  title        = {Dynamic Elias-Fano Representation},
  booktitle    = {28th Annual Symposium on Combinatorial Pattern Matching, {CPM} 2017, July 4-6, 2017, Warsaw, Poland},
  series       = {LIPIcs},
  volume       = {78},
  pages        = {30:1--30:14},
  publisher    = {Schloss Dagstuhl - Leibniz-Zentrum f{\"{u}}r Informatik},
  year         = {2017},
  doi          = {10.4230/LIPICS.CPM.2017.30}
}

@article{Tarjan85,
  author  = {Robert Endre Tarjan},
  title   = {Amortized Computational Complexity},
  journal = {{SIAM} Journal on Algebraic Discrete Methods},
  volume  = {6},
  number  = {2},
  pages   = {306-318},
  year    = {1985},
  doi     = {10.1137/0606031}
}

@inproceedings{PatwaryBM10,
  author       = {Md. Mostofa Ali Patwary and Jean R. S. Blair and Fredrik Manne},
  editor       = {Paola Festa},
  title        = {Experiments on Union-Find Algorithms for the Disjoint-Set Data Structure},
  booktitle    = {Experimental Algorithms, 9th International Symposium, {SEA} 2010,
                  Ischia Island, Naples, Italy, May 20-22, 2010. Proceedings},
  series       = {Lecture Notes in Computer Science},
  volume       = {6049},
  pages        = {411--423},
  publisher    = {Springer},
  year         = {2010},
  doi          = {10.1007/978-3-642-13193-6_35}
}

@inproceedings{GoelKLT14,
  author       = {Ashish Goel and Sanjeev Khanna and Daniel H. Larkin and Robert Endre Tarjan},
  editor       = {Chandra Chekuri},
  title        = {Disjoint Set Union with Randomized Linking},
  booktitle    = {Proceedings of the Twenty-Fifth Annual {ACM-SIAM} Symposium on Discrete
                  Algorithms, {SODA} 2014, Portland, Oregon, USA, January 5-7, 2014},
  pages        = {1005--1017},
  publisher    = {{SIAM}},
  year         = {2014},
  doi          = {10.1137/1.9781611973402.75}
}

@inproceedings{Fischer72,
  author       = {Michael J. Fischer},
  editor       = {Raymond E. Miller and James W. Thatcher},
  title        = {Efficiency of Equivalence Algorithms},
  booktitle    = {Proceedings of a symposium on the Complexity of Computer Computations,
                  held March 20-22, 1972, at the {IBM} Thomas J. Watson Research Center,
                  Yorktown Heights, New York, {USA}},
  series       = {The {IBM} Research Symposia Series},
  pages        = {153--167},
  publisher    = {Plenum Press, New York},
  year         = {1972},
  doi          = {10.1007/978-1-4684-2001-2_14}
}

@book{AhoHU74,
  author       = {Alfred V. Aho and John E. Hopcroft and Jeffrey D. Ullman},
  title        = {The Design and Analysis of Computer Algorithms},
  publisher    = {Addison-Wesley},
  year         = {1974},
  isbn         = {0-201-00029-6}
}

@incollection{ItalianoRaman99,
  author       = {Giuseppe F. Italiano and Rajeev Raman},
  editor       = {Mikhail J. Atallah},
  title        = {Topics in Data Structures},
  booktitle    = {Algorithms and Theory of Computation Handbook},
  series       = {Chapman {\&} Hall/CRC Applied Algorithms and Data Structures series},
  publisher    = {{CRC} Press},
  year         = {1999},
  doi          = {10.1201/9781420049503-C6}
}

@article{TarjanLeeuwen84,
  author       = {Robert Endre Tarjan and Jan van Leeuwen},
  title        = {Worst-case Analysis of Set Union Algorithms},
  journal      = {Journal of the {ACM}},
  volume       = {31},
  number       = {2},
  pages        = {245--281},
  year         = {1984},
  doi          = {10.1145/62.2160}
}

@article{Tarjan75,
  author       = {Robert Endre Tarjan},
  title        = {Efficiency of a Good But Not Linear Set Union Algorithm},
  journal      = {Journal of the {ACM}},
  volume       = {22},
  number       = {2},
  pages        = {215--225},
  year         = {1975},
  doi          = {10.1145/321879.321884}
}

@techreport{LeeuwenWeide77,
  author = {Jan van Leeuwen and Theo van der Weide},
  institution = {Department of Computer Science, University of Utrecht, The Neterlands},
  title = {Alternative path compression techniques},
  year = {1977},
  number = {RUU-CS-77-3},
  url = {https://dspace.library.uu.nl/handle/1874/15885}
}

@phdthesis{Weide80,
  author = {Theodorus Petrus van der Weide},
  school = {Mathematisch Centrum, Amsterdam},
  title = {Datastructures: An Axiomatic Approach and the Use of Binomial Trees in Developing and Analyzing Algorithms},
  year = {1980},
  url = {https://www.cs.ru.nl/Th.P.vanderWeide/docs/1980-Weide-AxAppr.pdf}
}

@book{Dijkstra76,
  author       = {Edsger W. Dijkstra},
  title        = {A Discipline of Programming},
  publisher    = {Prentice-Hall},
  year         = {1976},
  isbn         = {013215871X}
}

@article{GallerFischer64,
  author       = {Bernard A. Galler and Michael J. Fischer},
  title        = {An improved equivalence algorithm},
  journal      = {Communications of the {ACM}},
  volume       = {7},
  number       = {5},
  pages        = {301--303},
  year         = {1964},
  doi          = {10.1145/364099.364331}
}

@inproceedings{LiLiangYuZhou23,
  author       = {Tianxiao Li and Jingxun Liang and Huacheng Yu and Renfei Zhou},
  title        = {Dynamic ``{S}uccincter''},
  booktitle    = {64th {IEEE} Annual Symposium on Foundations of Computer Science, {FOCS}
                  2023, Santa Cruz, CA, USA, November 6-9, 2023},
  pages        = {1715--1733},
  publisher    = {{IEEE}},
  year         = {2023},
  doi          = {10.1109/FOCS57990.2023.00104},
}

@article{Williams64,
  author = {Williams, J. W. J.},
  journal = {Communications of the ACM},
  number = 6,
  pages = {347--348},
  title = {Algorithm 232: Heapsort},
  volume = 7,
  year = 1964
}

@inproceedings{DinklageFH21,
  author       = {Patrick Dinklage and Johannes Fischer and Alexander Herlez},
  editor       = {David Coudert and Emanuele Natale},
  title        = {Engineering Predecessor Data Structures for Dynamic Integer Sets},
  booktitle    = {19th International Symposium on Experimental Algorithms, {SEA} 2021, June 7-9, 2021, Nice, France},
  series       = {LIPIcs},
  volume       = {190},
  pages        = {7:1--7:19},
  publisher    = {Schloss Dagstuhl - Leibniz-Zentrum f{\"{u}}r Informatik},
  year         = {2021},
  doi          = {10.4230/LIPICS.SEA.2021.7}
}

@article{SleatorTarjan85,
  author       = {Daniel Dominic Sleator and Robert Endre Tarjan},
  title        = {Self-Adjusting Binary Search Trees},
  journal      = {Journal of the {ACM}},
  volume       = {32},
  number       = {3},
  pages        = {652--686},
  year         = {1985},
  doi          = {10.1145/3828.3835}
}
